<collection xmlns="http://www.loc.gov/MARC21/slim">
<record>
  <leader>02039nam0a2200313 i 450 </leader>
  <controlfield tag="001">IT\ICCU\CNCE\004800</controlfield>
  <controlfield tag="005">20000913000000.0</controlfield>
  <datafield tag="012" ind1=" " ind2=" ">
    <subfield code="a">,&amp;n- r*ul a-n- rage (3) 1588 (A)</subfield>
    <subfield code="2">fei</subfield>
  </datafield>
  <datafield tag="100" ind1=" " ind2=" ">
    <subfield code="a">19970101d1588        0itac0103    ba</subfield>
  </datafield>
  <datafield tag="101" ind1=" " ind2=" ">
    <subfield code="a">LAT</subfield>
  </datafield>
  <datafield tag="102" ind1=" " ind2=" ">
    <subfield code="a">IT</subfield>
  </datafield>
  <datafield tag="200" ind1="1" ind2=" ">
    <subfield code="a">Responsiones casuum conscientiae, qui omnibus curatis ac poenitentiarijs singulis mensibus coram illstriss. ac reuerendiss. card. Palaeoto archiepisc. Bonon. proponuntur. Per admodum r.p. Ludovicum de  Beia Palaestrelum Lusitanum ordinis eremitarum theologum, publicum in Bonon. Gymnasio Sacrae Scripturae professorem, et casuum conscientiae in Cathedrali lectorem. Huic postremae impressioni additi sunt duo breues, sed doctissimi tractatus, alter quidem de contractibus liuellarijs. Alter vero de venditionererum fructuosarum ad terminum</subfield>
  </datafield>
  <datafield tag="210" ind1=" " ind2=" ">
    <subfield code="a">Brixiae</subfield>
    <subfield code="c">apud Thomam Bozzolam</subfield>
    <subfield code="d">1588</subfield>
  </datafield>
  <datafield tag="215" ind1=" " ind2=" ">
    <subfield code="a">\44!, 430 p.</subfield>
    <subfield code="d">8ʻ</subfield>
  </datafield>
  <datafield tag="620" ind1=" " ind2=" ">
    <subfield code="a">IT</subfield>
    <subfield code="d">Brescia</subfield>
  </datafield>
  <datafield tag="700" ind1=" " ind2="1">
    <subfield code="a">Beja Perestrelo,</subfield>
    <subfield code="b">Luiz : de</subfield>
    <subfield code="3">IT\ICCU\CNCA\001503</subfield>
  </datafield>
  <datafield tag="712" ind1="0" ind2="0">
    <subfield code="a">Bozzola, Tommaso</subfield>
    <subfield code="3">IT\ICCU\CNCT\000344</subfield>
    <subfield code="4">650</subfield>
  </datafield>
  <datafield tag="790" ind1=" " ind2="1">
    <subfield code="a">Beia Palaestrelus,</subfield>
    <subfield code="b">Ludovicus : de</subfield>
    <subfield code="3">IT\ICCU\CNCA\013156</subfield>
    <subfield code="z">Beja Perestrelo, Luiz : de</subfield>
  </datafield>
  <datafield tag="791" ind1="0" ind2="0">
    <subfield code="a">Bozola, Thomas</subfield>
    <subfield code="3">IT\ICCU\CNCT\003651</subfield>
    <subfield code="z">Bozzola, Tommaso</subfield>
  </datafield>
  <datafield tag="801" ind1=" " ind2="3">
    <subfield code="a">IT</subfield>
    <subfield code="b">ICCU</subfield>
    <subfield code="c">20201113</subfield>
  </datafield>
  <datafield tag="899" ind1=" " ind2=" ">
    <subfield code="a">Biblioteca del Clero di S. Alessandro in Colonna (depositata presso Bibl. mons. G.M. Radini Tedeschi). Bergamo</subfield>
    <subfield code="1">BG0043</subfield>
    <subfield code="2">LO1 56</subfield>
  </datafield>
  <datafield tag="899" ind1=" " ind2=" ">
    <subfield code="a">Biblioteca del Seminario vescovile. Lodi</subfield>
    <subfield code="1">LO0023</subfield>
    <subfield code="2">PBE 28</subfield>
  </datafield>
  <datafield tag="899" ind1=" " ind2=" ">
    <subfield code="a">Biblioteca comunale Augusta. Perugia</subfield>
    <subfield code="1">PG0109</subfield>
    <subfield code="2">UM1 01</subfield>
  </datafield>
  <datafield tag="899" ind1=" " ind2=" ">
    <subfield code="a">Biblioteca comunale Federiciana. Fano</subfield>
    <subfield code="1">PU0018</subfield>
    <subfield code="2">URB FN</subfield>
  </datafield>
  <datafield tag="899" ind1=" " ind2=" ">
    <subfield code="a">Biblioteca statale del Monumento nazionale S. Scolastica. Subiaco</subfield>
    <subfield code="1">RM0602</subfield>
    <subfield code="2">BVE SU</subfield>
  </datafield>
  <datafield tag="899" ind1=" " ind2=" ">
    <subfield code="a">Biblioteca comunale. Trento</subfield>
    <subfield code="1">TN0121</subfield>
    <subfield code="2">ZTN 01</subfield>
  </datafield>
  <datafield tag="899" ind1=" " ind2=" ">
    <subfield code="a">Biblioteca Diocesana Vigilianum. Trento</subfield>
    <subfield code="1">TN0132</subfield>
    <subfield code="2">ZTN 10</subfield>
  </datafield>
  <datafield tag="911" ind1=" " ind2=" ">
    <subfield code="a">nel front.</subfield>
    <subfield code="9">IT\ICCU\CNCM\001130</subfield>
  </datafield>
  <datafield tag="921" ind1=" " ind2=" ">
    <subfield code="a">IT\ICCU\CNCM\001130</subfield>
    <subfield code="b">Grifone che regge con l&apos;artiglio una pietra alla quale  ̈incatenato un globo alato.</subfield>
    <subfield code="c">U161</subfield>
    <subfield code="d">Dimensioni: 3 x 4,5</subfield>
    <subfield code="f">GRIFONE</subfield>
    <subfield code="f">GLOBO</subfield>
    <subfield code="g">1564-1599</subfield>
  </datafield>
</record>
</collection>
